<record><leader>00000cas a2200000 i 4500</leader><controlfield tag="001">905592143</controlfield><controlfield tag="006">m     o  d        </controlfield><controlfield tag="007">cr |||||||||||</controlfield><controlfield tag="008">150325d18751898lauwr neo     0   a0eng  </controlfield><datafield ind1=" " ind2=" " tag="010"><subfield code="a">  2015218597</subfield></datafield><datafield ind1=" " ind2=" " tag="040"><subfield code="a">DLC</subfield><subfield code="b">eng</subfield><subfield code="e">rda</subfield><subfield code="c">DLC</subfield><subfield code="d">DLC</subfield><subfield code="d">OCLCF</subfield></datafield><datafield ind1="0" ind2=" " tag="022"><subfield code="a">2378-041X</subfield><subfield code="2">1</subfield></datafield><datafield ind1=" " ind2=" " tag="042"><subfield code="a">pcc</subfield><subfield code="a">nsdp</subfield></datafield><datafield ind1=" " ind2=" " tag="043"><subfield code="a">n-us-la</subfield></datafield><datafield ind1="1" ind2="0" tag="050"><subfield code="a">ISSN RECORD</subfield></datafield><datafield ind1="0" ind2="0" tag="082"><subfield code="a">071</subfield><subfield code="2">23</subfield></datafield><datafield ind1=" " ind2="4" tag="222"><subfield code="a">The weekly Thibodaux sentinel and journal of the 8th Senatorial District</subfield><subfield code="b">(Online)</subfield></datafield><datafield ind1="0" ind2="4" tag="245"><subfield code="a">The weekly Thibodaux sentinel and journal of the 8th Senatorial District.</subfield></datafield><datafield ind1="3" ind2=" " tag="246"><subfield code="a">Sentinelle de Thibodaux, journal du ... District Senatorial</subfield></datafield><datafield ind1="3" ind2=" " tag="246"><subfield code="a">Weekly Thibodaux sentinel and journal of the 9th Senatorial District</subfield></datafield><datafield ind1="3" ind2=" " tag="246"><subfield code="a">Weekly Thibodaux sentinel journal of the 9th Senatorial District</subfield></datafield><datafield ind1=" " ind2="1" tag="264"><subfield code="a">Thibodaux, Lna. [i.e. La.] :</subfield><subfield code="b">Duncan S. cage, Jr. &amp; F. Sansan,</subfield><subfield code="c">-1898.</subfield></datafield><datafield ind1=" " ind2=" " tag="300"><subfield code="a">1 online resource</subfield></datafield><datafield ind1=" " ind2=" " tag="310"><subfield code="a">Weekly</subfield></datafield><datafield ind1=" " ind2=" " tag="336"><subfield code="a">text</subfield><subfield code="b">txt</subfield><subfield code="2">rdacontent</subfield></datafield><datafield ind1=" " ind2=" " tag="337"><subfield code="a">computer</subfield><subfield code="b">c</subfield><subfield code="2">rdamedia</subfield></datafield><datafield ind1=" " ind2=" " tag="338"><subfield code="a">online resource</subfield><subfield code="b">cr</subfield><subfield code="2">rdacarrier</subfield></datafield><datafield ind1="1" ind2=" " tag="362"><subfield code="a">Began August 7, 1875); ceased with vol. XXXIII, no. 32 (March 5, 1898).</subfield></datafield><datafield ind1=" " ind2=" " tag="500"><subfield code="a">Published with an additional masthead in French: La Sentinelle de Thibodaux, journal du ... District Senatorial.</subfield></datafield><datafield ind1=" " ind2=" " tag="500"><subfield code="a">Title varies slightly: The Weekly Thibodaux sentinel and journal of the 9th Senatorial District; The Weekly Thibodaux sentinel journal of the 9th Senatorial District.</subfield></datafield><datafield ind1=" " ind2=" " tag="588"><subfield code="a">Description based on: Vol. XI, no. 22 (January 1st, 1876); title from masthead (Chroniclingamerica.loc.gov, viewed March 25, 2015).</subfield></datafield><datafield ind1=" " ind2=" " tag="588"><subfield code="a">Latest issue consulted: Vol. XXXIII, no. 32 (March 5, 1898) (Chroniclingamerica.loc.gov, viewed March 25, 2015).</subfield></datafield><datafield ind1=" " ind2="0" tag="651"><subfield code="a">Thibodaux (La.)</subfield><subfield code="v">Newspapers.</subfield></datafield><datafield ind1=" " ind2="7" tag="655"><subfield code="a">Newspapers.</subfield><subfield code="2">fast</subfield><subfield code="0">(OCoLC)fst01423814</subfield></datafield><datafield ind1=" " ind2="7" tag="651"><subfield code="a">Louisiana</subfield><subfield code="z">Thibodaux.</subfield><subfield code="2">fast</subfield><subfield code="0">(OCoLC)fst01225065</subfield></datafield><datafield ind1=" " ind2=" " tag="752"><subfield code="a">United States</subfield><subfield code="b">Louisiana</subfield><subfield code="c">Lafourche</subfield><subfield code="d">Thibodaux.</subfield></datafield><datafield ind1="0" ind2="8" tag="776"><subfield code="i">Originally issued in print:</subfield><subfield code="t">Weekly Thibodaux sentinel and journal of the 8th Senatorial District</subfield><subfield code="x">2378-0401</subfield><subfield code="w">(DLC)sn 88064492</subfield><subfield code="w">(OCoLC)18114579</subfield></datafield><datafield ind1="0" ind2="0" tag="780"><subfield code="t">Weekly Thibodaux sentinel (Thibodaux, La. : 1866)</subfield></datafield><datafield ind1="0" ind2="0" tag="785"><subfield code="t">Weekly Thibodaux sentinel (Thibodaux, La. : 1898)</subfield><subfield code="x">2332-6166</subfield><subfield code="w">(DLC)  2013272170</subfield><subfield code="w">(OCoLC)862973783</subfield></datafield><datafield ind1="4" ind2="0" tag="856"><subfield code="u">http://www.loc.gov/chroniclingamerica/lccn/sn88064492/issues</subfield></datafield></record>